<mx:record xmlns="http://www.w3.org/TR/xhtml1/strict" xmlns:mx="http://www.loc.gov/MARC21/slim" xmlns:xsi="http://www.w3.org/2001/XMLSchema-instance"><mx:leader>00000nz   2200000n  0000</mx:leader><mx:controlfield tag="001">oca03897056 </mx:controlfield><mx:controlfield tag="005">19950812053327.0</mx:controlfield><mx:controlfield tag="008">950721n| acannaab|          |a aaa     c</mx:controlfield><mx:datafield ind1=" " ind2=" " tag="010"><mx:subfield code="a">nr 95026787</mx:subfield></mx:datafield><mx:datafield ind1=" " ind2=" " tag="040"><mx:subfield code="a">NNC</mx:subfield><mx:subfield code="c">NNC</mx:subfield></mx:datafield><mx:datafield ind1="1" ind2=" " tag="100"><mx:subfield code="a">Memmius, C.,</mx:subfield><mx:subfield code="d">ca. 98-ca. 46 B.C.</mx:subfield></mx:datafield><mx:datafield ind1="1" ind2=" " tag="400"><mx:subfield code="a">Memmius, Gaius,</mx:subfield><mx:subfield code="d">ca. 98-ca. 46 B.C.</mx:subfield></mx:datafield><mx:datafield ind1=" " ind2=" " tag="670"><mx:subfield code="a">The works of C. Memmius L.f. [CF] 1991:</mx:subfield><mx:subfield code="b">PHI CD ROM #5.3, Latin Canon, bibliographic screen (C. Memmius L.F.)</mx:subfield></mx:datafield><mx:datafield ind1=" " ind2=" " tag="670"><mx:subfield code="a">Pauly-Wissowa:</mx:subfield><mx:subfield code="b">29. Halbbd., col. 609-616; &amp;#034;Memmius&amp;#034;, #8 (C. Memmius; noted by Cicero as L.F. to distinguish him from his relations with the same name; b. ca. 98 B.C.; praetor, 58 B.C.; tribune 66/65 B.C.; propraetorof Bithynia, 57 B.C.; divorced his wife, 55 B.C.; sought consulship 54 B.C.; accused of ambitus and withdrew to Mitylene; returned to Rome 49 B.C.; noted by Cicero as already dead, 46 B.C.)</mx:subfield></mx:datafield><mx:datafield ind1=" " ind2=" " tag="670"><mx:subfield code="a">Malcovati, E. Oratorum romanorum fragmenta liberae rei publicae, 1955:</mx:subfield><mx:subfield code="b">p. 401 (C. Memmius; tribune, 66 B.C.; aedilis, 63 B.C.; praetor, 58 B.C.; appears to have died before 46 B.C.)</mx:subfield></mx:datafield><mx:datafield ind1=" " ind2=" " tag="670"><mx:subfield code="a">Dict. of Greek and Roman biography and mythology, 1967:</mx:subfield><mx:subfield code="b">v. 2, p. 1026-1027 (C. Memmius L.F. Gemellus; tribune of the plebs, 66 B.C.; curule aedile, 60 B.C.; sought the consulship, 54 B.C.; impeached for ambitus and withdrew to Mytilene)</mx:subfield></mx:datafield><mx:datafield ind1=" " ind2=" " tag="670"><mx:subfield code="a">Oxford class. dict., 1st ed.:</mx:subfield><mx:subfield code="b">p. 555 (Memmius, Gaius; husband of Sulla&amp;#039;s daughter Fausta Cornelia; praetor, 58 B.C.; hostile to Caesar; propraetor in Bithynia, 57 B.C.; divorced Fausta and supported Caesar, 55 B.C.; exiled 53 B.C. and returned to Rome 49 B.C.)</mx:subfield></mx:datafield><mx:datafield ind1=" " ind2=" " tag="675"><mx:subfield code="a">NUC pre-56.</mx:subfield></mx:datafield></mx:record>